@article{IAMOOC,
Author={L. Jaulin , M. Kieffer, O. Didrit and E. Walter},
Year={2001},
Title={Applied Interval Analysis with Examples in Parameter and State Estimation, Robust Control and Robotics, Springer-Verlag.}}
@article{Base,
Author={L.Jaulin},
Year={2016},
Journal={Reliable Computing},
Volume={21},
Numpages={11},
Pages={44--55},
Title={Inner and outer set-membership state estimation.},}
@article{BPF,
Author={Amadou Gning, Branko Ristic, Lyudmila Mihaylova, Fahed Abdallah},
Year={2013},
Month={June},
Journal={IEEE Signal Processing Magazine},
Volume={30},
Issue={4},
Title={An Introduction to Box Particle Filtering}}
